@article{huo2010optimizing,
  title={Optimizing genetic algorithm for motif discovery},
  author={Huo, Hongwei and Zhao, Zhenhua and Stojkovic, Vojislav and Liu, Lifang},
  journal={Mathematical and Computer Modelling},
  volume={52},
  number={11-12},
  pages={2011--2020},
  year={2010},
  publisher={Elsevier}
}


@article{barnes2022adaptive,
  title={An adaptive teosinte mexicana introgression modulates phosphatidylcholine levels and is associated with maize flowering time},
  author={Barnes, Allison C and Rodr{\'\i}guez-Zapata, Fausto and Bl{\"o}cher-Ju{\'a}rez, Karla A and Gates, Daniel J and Janzen, Garrett M and Kur, Andi and Wang, Li and Jensen, Sarah E and Est{\'e}vez-Palmas, Juan M and Crow, Taylor M and others},
  journal={bioRxiv},
  pages={2021--01},
  year={2022},
  publisher={Cold Spring Harbor Laboratory}
}
